%
% references.bib -- Bibliography file for the paper punktgruppen
%
% (c) 2020 Autor, Hochschule Rapperswil
%

@book{punktgruppen:pinter-algebra,
	title = {A Book of Abstract Algebra},
	author = {Charles C. Pinter},
	publisher = {Dover Publications Inc.; 2. Edition},
	year = {2010},
	month = {1},
	day = {10},
	isbn = {978-0486474175},
	inseries = {Dover Books on Mathematics},
	volume = {1}
}


@online{punktgruppen:bibtex,
	title = {BibTeX},
	url = {https://de.wikipedia.org/wiki/BibTeX},
	date = {2020-02-06},
	year = {2020},
	month = {2},
	day = {6}
}

@book{punktgruppen:numerical-analysis,
	title = {Numerical Analysis},
	author = {David Kincaid and Ward Cheney},
	publisher = {American Mathematical Society},
	year = {2002},
	isbn = {978-8-8218-4788-6},
	inseries = {Pure and applied undegraduate texts},
	volume = {2}
}

@article{punktgruppen:mendezmueller,
        author = { Tabea Méndez and Andreas Müller },
        title = { Noncommutative harmonic analysis and image registration },
        journal = { Appl. Comput. Harmon. Anal.},
        year = 2019,
        volume = 47,
        pages = {607--627},
        url = {https://doi.org/10.1016/j.acha.2017.11.004}
}
