%
% references.bib -- Bibliography file for the paper spannung
%
% (c) 2020 Autor, Hochschule Rapperswil
%

@online{spannung:Tensor,
	title = {Tensor},
	url = {https://de.wikipedia.org/wiki/Tensor},
	date = {2021-05-29},
	year = {2021},
	month = {5},
	day = {6}
}

@online{spannung:Voigtsche Notation,
	title = {Voigtsche Notation},
	url = {https://de.wikipedia.org/wiki/Voigtsche_Notation},
	date = {2021-05-29},
	year = {2021},
	month = {5},
	day = {6}
}

@book{spannung:Grundlagen der Geotechnik,
	title = {Grundlagen der Geotechnik},
	author = {Hans-Henning Schmidt and Roland F. Buchmaier and Carola Vogt-Breyer},
	publisher = {Springer Fachmedien Wiesbaden GmbH},
	year = {2017},
	isbn = {978-3-658-14930-7},
	inseries = {Geotechnik nach Eurocode},
	volume = {5}
}

@book{spannung:Stoffgesetze und numerische Modellierung in der Geotechnik,
	title = {Stoffgesetze und numerische Modellierung in der Geotechnik},
	author = {Carlo Rabaiotti and Alessio Höttges},
	publisher = {Hochschule Rapperswil},
	year = {2021},
	isbn = {},
	inseries = {},
	volume = {}
}

@article{spannung:mendezmueller,
        author = { Tabea Méndez and Andreas Müller },
        title = { Noncommutative harmonic analysis and image registration },
        journal = { Appl. Comput. Harmon. Anal.},
        year = 2019,
        volume = 47,
        pages = {607--627},
        url = {https://doi.org/10.1016/j.acha.2017.11.004}
}

