%% This BibTeX bibliography file was created using BibDesk.
%% https://bibdesk.sourceforge.io/

%% Created for lukas zogg at 2021-07-17 16:48:19 +0200 


%% Saved with string encoding Unicode (UTF-8) 



@article{aragher_understanding_2012,
	author = {Faragher, Ramsey},
	date-added = {2021-07-17 16:44:00 +0200},
	date-modified = {2021-07-17 16:45:54 +0200},
	journal = { Signal Processing Magazine},
	month = {09},
	number = {5},
	pages = {128--132},
	title = {Understanding the Basis of the Kalman Filter Via a Simple and Intuitive Derivation },
	volume = {29},
	year = {2012},
	Bdsk-File-1 = {YnBsaXN0MDDSAQIDBFxyZWxhdGl2ZVBhdGhZYWxpYXNEYXRhXxByLi4vLi4vLi4vLi4vLi4vLi4vRG93bmxvYWRzL1VuZGVyc3RhbmRpbmcgdGhlIEJhc2lzIG9mIHRoZSBLYWxtYW4gRmlsdGVyIFZpYSBhIFNpbXBsZSBhbmQgSW50dWl0aXZlIERlcml2YXRpb24ucGRmTxECbgAAAAACbgACAAAMTWFjaW50b3NoIEhEAAAAAAAAAAAAAAAAAAAAAAAAAEJEAAH/////H1VuZGVyc3RhbmRpbmcgdGhlICNGRkZGRkZGRi5wZGYAAAAAAAAAAAAAAAAAAAAAAAAAAAAAAAAAAAAAAAAAAP////8AAAAAAAAAAAAAAAAABgACAAAKIGN1AAAAAAAAAAAAAAAAAAlEb3dubG9hZHMAAAIAci86VXNlcnM6bHVrYXN6b2dnOkRvd25sb2FkczpVbmRlcnN0YW5kaW5nIHRoZSBCYXNpcyBvZiB0aGUgS2FsbWFuIEZpbHRlciBWaWEgYSBTaW1wbGUgYW5kIEludHVpdGl2ZSBEZXJpdmF0aW9uLnBkZgAOAK4AVgBVAG4AZABlAHIAcwB0AGEAbgBkAGkAbgBnACAAdABoAGUAIABCAGEAcwBpAHMAIABvAGYAIAB0AGgAZQAgAEsAYQBsAG0AYQBuACAARgBpAGwAdABlAHIAIABWAGkAYQAgAGEAIABTAGkAbQBwAGwAZQAgAGEAbgBkACAASQBuAHQAdQBpAHQAaQB2AGUAIABEAGUAcgBpAHYAYQB0AGkAbwBuAC4AcABkAGYADwAaAAwATQBhAGMAaQBuAHQAbwBzAGgAIABIAEQAEgBwVXNlcnMvbHVrYXN6b2dnL0Rvd25sb2Fkcy9VbmRlcnN0YW5kaW5nIHRoZSBCYXNpcyBvZiB0aGUgS2FsbWFuIEZpbHRlciBWaWEgYSBTaW1wbGUgYW5kIEludHVpdGl2ZSBEZXJpdmF0aW9uLnBkZgATAAEvAAAVAAIAEP//AAAACAANABoAJACZAAAAAAAAAgEAAAAAAAAABQAAAAAAAAAAAAAAAAAAAws=}}

@url{erdbeben:wikipedia,
	author = {https://de.wikipedia.org/wiki/Kalman-Filter},
	date-added = {2021-07-17 16:42:22 +0200},
	date-modified = {2021-07-17 16:43:53 +0200},
	title = {Kalmanfilter},
	urldate = {2021-07-0}}

@online{erdbeben:bibtex,
	date = {2020-02-06},
	day = {6},
	month = {2},
	title = {BibTeX},
	url = {https://de.wikipedia.org/wiki/BibTeX},
	year = {2020},
	Bdsk-Url-1 = {https://de.wikipedia.org/wiki/BibTeX}}

@book{erdbeben:numerical-analysis,
	author = {David Kincaid and Ward Cheney},
	inseries = {Pure and applied undegraduate texts},
	isbn = {978-8-8218-4788-6},
	publisher = {American Mathematical Society},
	title = {Numerical Analysis},
	volume = {2},
	year = {2002}}

@article{erdbeben:mendezmueller,
	author = {Tabea M{\'e}ndez and Andreas M{\"u}ller},
	journal = {Appl. Comput. Harmon. Anal.},
	pages = {607--627},
	title = {Noncommutative harmonic analysis and image registration},
	url = {https://doi.org/10.1016/j.acha.2017.11.004},
	volume = 47,
	year = 2019,
	Bdsk-Url-1 = {https://doi.org/10.1016/j.acha.2017.11.004}}
