%
% references.bib -- Bibliography file for the paper clifford
%
% (c) 2020 Autor, Hochschule Rapperswil
%

@article{clifford:hestenes_GA,
        author = { David Hestenes, Garret Eugene Sobczyk and James S. Marsh },
        title = { Clifford Algebra to Geometric Calculus. A Unified Language for Mathematics and Physics },
        journal = { American Journal of Physics },
        year = 1985,
        volume = 53,
        pages = {24},
        url = {https://www.researchgate.net/publication/258944244_Clifford_Algebra_to_Geometric_Calculus_A_Unified_Language_for_Mathematics_and_Physics}
}

