%
% references.bib -- Bibliography file for the paper reedsolomon
%
% (c) 2020 Autor, Hochschule Rapperswil
%

@online{reedsolomon:weitz,
	title = {Fehlerkorrektur mit Reed-Solomon-Codes},
	url = {https://youtu.be/uOLW43OIZJ0},
	date = {2021-06-10},
	year = {2021},
	month = {6},
	day = {10}
}

@book{reedsolomon:informationkommunikation,
	title = {Information und Kommunikation},
	author = {Markus Hufschmid},
	publisher = {Teubner},
	year = {2007},
	isbn = {978-3-8351-0122-7},
	inseries = {},
	volume = {1}
}

@online{reedsolomon:voyager_programm,
	title = {Information über das Voyager Programm},
	url = {https://de.wikipedia.org/wiki/Voyager-Programm},
	date = {2021-07-19},
	year = {2021},
	month = {7},
	day = {19}
}

@online{reedsolomon:voyager,
	title = {Bild der Voyager Raumsonde},
	url = {https://en.wikipedia.org/wiki/Voyager_1},
	date = {2021-07-19},
	year = {2021},
	month = {7},
	day = {19}
}

@online{reedsolomon:cd_wiki,
	title = {Alles über die CD},
	url = {https://de.wikipedia.org/wiki/Compact_Disc},
	date = {2021-07-19},
	year = {2021},
	month = {7},
	day = {19}
}

@online{reedsolomon:cd,
	title = {Funktionsweise des QR-Codes},
	url = {https://www.stickpng.com/img/electronics/compact-discs/stack-compact-disc},
	date = {2021-07-19},
	year = {2021},
	month = {7},
	day = {19}
}

@online{reedsolomon:qr_wiki,
	title = {Funktionsweise des QR-Codes},
	url = {https://de.wikipedia.org/wiki/QR-Code},
	date = {2021-07-19},
	year = {2021},
	month = {7},
	day = {19}
}

@online{reedsolomon:qr,
	title = {Tool zum erstellen von QR-Codes},
	url = {https://www.qrcode-generator.ch},
	date = {2021-07-19},
	year = {2021},
	month = {7},
	day = {19}
}