%
% references.bib -- Bibliography file for the paper multiplikation
%
% (c) 2020 Autor, Hochschule Rapperswil
%

@online{multiplikation:bibtex,
	title = {BibTeX},
	url = {https://de.wikipedia.org/wiki/BibTeX},
	date = {2020-02-06},
	year = {2020},
	month = {2},
	day = {6}
}

@book{multiplikation:numerical-analysis,
	title = {Numerical Analysis},
	author = {David Kincaid and Ward Cheney},
	publisher = {American Mathematical Society},
	year = {2002},
	isbn = {978-8-8218-4788-6},
	inseries = {Pure and applied undegraduate texts},
	volume = {2}
}

@article{multiplikation:mendezmueller,
        author = { Tabea Méndez and Andreas Müller },
        title = { Noncommutative harmonic analysis and image registration },
        journal = { Appl. Comput. Harmon. Anal.},
        year = 2019,
        volume = 47,
        pages = {607--627},
        url = {https://doi.org/10.1016/j.acha.2017.11.004}
}

@article{multiplikation:winograd_1968,
 				title={A New Algorithm for Inner Product},
				volume={C-17},
  			DOI={10.1109/tc.1968.227420},
  			number={7},
  			journal={IEEE Transactions on Computers},
  			author={Winograd, S.},
 				year={1968},
   		pages={693–694}
}

@article{multiplikation:strassen_1969,
	      title={Gaussian elimination is not optimal},
        volume={13},
        DOI={10.1007/bf02165411},
        number={4},
        journal={Numerische Mathematik},
        author={Strassen, Volker},
        year={1969},
        pages={354–356}
}

@online{multiplikation:bigo,
	title = {Big O notation},
	url = {https://en.wikipedia.org/wiki/Big_O_notation},
	date = {2021-07-27},
	year = {2021},
	month = {7},
	day = {27}
}

@online{multiplikation:master_theorem,
	title = {Master theorem (analysis of algorithms)},
	url = {https://en.wikipedia.org/wiki/Master_theorem_(analysis_of_algorithms)},
	date = {2021-07-28},
	year = {2021},
	month = {7},
	day = {28}
}


@online{multiplikation:DAC,
	title = {Divide-and-conquer algorithm},
	url = {https://en.wikipedia.org/wiki/Divide-and-conquer_algorithm},
	date = {2021-07-28},
	year = {2021},
	month = {7},
	day = {28}
}

